@article{namiki2003security,
  title={Security of quantum cryptography using balanced homodyne detection},
  author={Namiki, Ryo and Hirano, Takuya},
  journal={Physical Review A},
  volume={67},
  number={2},
  pages={022308},
  year={2003},
  publisher={APS}
}

@book{loudon2000,
  Author = {Rodney Loudon},
  Title = {The Quantum Theory of Light},
  Publisher = {Oxford University Press},
  Year = {2000}
}

@book{fox2006,
  Author = {Mark Fox},
  Title = {Quantum Optics: An Introduction},
  Publisher = {Oxford University Press},
  Year = {2006}
}

@book{hans2004,
  Author = {Hans-A. Bachor and Timothy C. Ralph},
  Title = {A Guide to Experiments in Quantum Optics},
  Publisher = {Wiley-VCH},
  Year = {2004}
}
