@book{SimmonsJane2008,
AUTHOR = {Jane M. Simmons},
TITLE = {Optical Network Design and Planning},
PUBLISHER = {Springer},
EDITION = {1st},
YEAR = {2008},
NOTE = {ISBN: 978-0-387-76475-7}
}
@online{CiscoForecast,
  AUTHOR = {Cisco},
  TITLE = {Cisco Visual Networking Index: Forecast and Trends, 2017–2022},
  YEAR = {2018},
  URL = {https://www.cisco.com/c/en/us/solutions/collateral/service-provider/visual-networking-index-vni/white-paper-c11-741490.html},
  URLDATE = {2019-01-30}
}
@misc{anpinto,
    author    = {Armando N. Pinto},
    title     = {{"Design of Optical Transport Networks" in Optical Networks classes 2017/18}},
    year      = {2018},
}
@book{Telecommunications,
AUTHOR = {Anton A. Huurdeman},
TITLE = {The Worldwide History of Telecommunications},
PUBLISHER = {John Wiley \& Sons},
EDITION = {1st},
YEAR = {2003},
NOTE = {Online ISBN:9780471722243}
}
@online{OPEX,
  AUTHOR = {Investopedia},
  TITLE = {Operating Expense},
  YEAR = {2018},
  URL = {https://www.investopedia.com/terms/o/operating_expense.asp},
  URLDATE = {2019-02-04}
}
@article{packetSwitching,
author = {Roberts, Lawrence},
year = {1978},
month = {12},
pages = {1307 - 1313},
title = {The Evolution of Packet Switching},
volume = {66},
journal = {Proceedings of the IEEE},
doi = {10.1109/PROC.1978.11141}
}

@INPROCEEDINGS{7127266, 
author={S. {Pachnicke} and M. H. {Eiselt} and K. {Grobe} and J. {Elbers}}, 
booktitle={2015 International Conference on Optical Network Design and Modeling (ONDM)}, 
title={The frontiers of optical access networks}, 
year={2015}, 
volume={}, 
number={}, 
pages={12-15}, 
doi={10.1109/ONDM.2015.7127266}, 
ISSN={}, 
month={May},}

@inbook{doi:10.1002/9780470683576.ch1,
author = {Di Giglio, Andrea and Ferreiro, Angel and Schiano, Marco},
publisher = {John Wiley \& Sons, Ltd},
isbn = {9780470683576},
title = {The Emerging Core and Metropolitan Networks},
booktitle = {Core and Metro Networks},
chapter = {1},
pages = {1-54},
doi = {10.1002/9780470683576.ch1},
url = {https://onlinelibrary.wiley.com/doi/abs/10.1002/9780470683576.ch1},
eprint = {https://onlinelibrary.wiley.com/doi/pdf/10.1002/9780470683576.ch1},
year = {2010},
}
@misc{anpinto2,
    author    = {Armando N. Pinto},
    title     = {{"Design of Optical Transport Networks Notes for the Optical Networks Course" in Optical Networks classes 2017/18}},
    year      = {2016},
}

@INPROCEEDINGS{7193723, 
author={R. M. {Morais} and J. {Pedro} and A. N. {Pinto}}, 
booktitle={2015 17th International Conference on Transparent Optical Networks (ICTON)}, 
title={Planning and dimensioning of multilayer optical transport networks}, 
year={2015}, 
volume={}, 
number={}, 
pages={1-5}, 
doi={10.1109/ICTON.2015.7193723}, 
ISSN={2161-2064}, 
month={July},}



@ARTICLE{1255431, 
author={T. K. {Nayak} and K. N. {Sivarajan}}, 
journal={IEEE/ACM Transactions on Networking}, 
title={Dimensioning optical networks under traffic growth models}, 
year={2003}, 
volume={11}, 
number={6}, 
pages={935-947}, 
doi={10.1109/TNET.2003.820429}, 
ISSN={1063-6692}, 
month={Dec},}

@phdthesis{RuiMoraisPhD,
    title    = {Planning and Dimensioning of Multilayer Optical Transport Networks},
    school   = {Universidade de Aveiro},
    author   = {Morais, R.M.D.},
    year     = {2015}, %other attributes omitted
}

@BOOK{ramaswami,
  TITLE = {Optical Networks},
  SUBTITLE = {A Practical Perspective},
  AUTHOR = {R. {Ramaswami} and K. N. {Sivarajan} and G. H. {Sasaki}},
  EDITION = {3rd},
  YEAR = {2010},
  PUBLISHER = {Morgan Kaufmann},
}

@ARTICLE{6515886, 
author={R. M. {Morais} and J. {Pedro} and P. {Monteiro} and A. N. {Pinto}}, 
journal={IEEE/OSA Journal of Optical Communications and Networking}, 
title={Impact of node architecture in the power consumption and footprint requirements of optical transport networks}, 
year={2013}, 
volume={5}, 
number={5}, 
pages={421-436}, 
doi={10.1364/JOCN.5.000421}, 
ISSN={1943-0620}, 
month={May},}

@ARTICLE{estimatingCapex, 
author={C. {Pavan} and R. M. {Morais} and A. N. {Pinto}}, 
title={Estimating CaPex in Optical Multilayer Networks}, 
year={2009}, 
month={May},}

@online{HeuristicsDefinition,
  AUTHOR = {V. {Kenny} and M. {Nathal} and S. {Saldana}},
  TITLE = {Heuristic Algorithms},
  YEAR = {2015},
  URL = {https://optimization.mccormick.northwestern.edu/index.php/Heuristic_algorithms},
  URLDATE = {2019-06-03}
}
@article{articleHeuristics,
author = {Kokash, Natallia},
year = {2019},
month = {06},
pages = {},
title = {An introduction to heuristic algorithms}
}
@inbook{lightpath,
author = {Choi, Hongsik and S. Yang, Seung},
year = {2007},
month = {01},
pages = {},
title = {Network Survivability in Optical Networks with IP Prospective},
doi = {10.4018/9781591409939.ch049}
}
@INPROCEEDINGS{4542371, 
author={E. E. {Bedeer} and H. M. H. {Shalaby} and E. A. {El-Badawy} and S. A. {Khamis}}, 
booktitle={2008 National Radio Science Conference}, 
title={A heuristic method of logical topology design in WDM optical networks}, 
year={2008}, 
volume={}, 
number={}, 
pages={1-11}, 
doi={10.1109/NRSC.2008.4542371}, 
ISSN={}, 
month={March},}

@online{ituOTN,
  AUTHOR = {International Telecomunnication Union},
  TITLE = {Definitions and Descriptions (OTNT, OTN, MON)},
  YEAR = {2004},
  URL = {https://www.itu.int/ITU-T/2001-2004/com15/otn/definitions.html},
  URLDATE = {2019-06-05}
}
@article{F-T-H,
author = {Al-Quzwini, Mahmoud},
year = {2014},
month = {03},
pages = {},
title = {Design and implementation of a Fiber to the Home FTTH access network based on GPON},
volume = {92},
journal = {International Journal of Computer Applications},
doi = {10.5120/16015-5050}
}
@article{articleRandom,
author = {Khan, Akhtar},
year = {2018},
month = {01},
pages = {},
title = {Routing and dimensioning in optical WDM networks for dynamic traffic using post-optimization approach},
volume = {40},
journal = {Optical Fiber Technology},
doi = {10.1016/j.yofte.2017.11.012}
}

@masterthesis{TiagoEsteves,
    title    = {Dimensionamento e Optimização em Redes
Ópticas de Transporte},
    school   = {Universidade de Aveiro},
    author   = {T. {Esteves}},
    year     = {2018} 
}
@INPROCEEDINGS{fisrtFit, 
author={X. {Sun} and Y. {Li} and I. {Lambadaris} and Y. Q. {Zhao}}, 
booktitle={Proceedings of the 7th International Conference on Telecommunications, 2003. ConTEL 2003.}, 
title={Performance analysis of first-fit wavelength assignment algorithm in optical networks}, 
year={2003}, 
volume={2}, 
number={}, 
pages={403-409 vol.2}, 
doi={10.1109/CONTEL.2003.176940}, 
ISSN={}, 
month={June},}
@ARTICLE{664268, 
author={A. {Mokhtar} and M. {Azizoglu}}, 
journal={IEEE/ACM Transactions on Networking}, 
title={Adaptive wavelength routing in all-optical networks}, 
year={1998}, 
volume={6}, 
number={2}, 
pages={197-206}, 
doi={10.1109/90.664268}, 
ISSN={1063-6692}, 
month={April},}

@article{Sridharan:2004:BAN:987232.987247,
 author = {Sridharan, Ashwin and Sivarajan, Kumar N.},
 title = {Blocking in All-optical Networks},
 journal = {IEEE/ACM Trans. Netw.},
 issue_date = {April 2004},
 volume = {12},
 number = {2},
 month = apr,
 year = {2004},
 issn = {1063-6692},
 pages = {384--397},
 numpages = {14},
 url = {http://dx.doi.org/10.1109/TNET.2004.826251},
 doi = {10.1109/TNET.2004.826251},
 acmid = {987247},
 publisher = {IEEE Press},
 address = {Piscataway, NJ, USA},
} 
@masterthesis{Lisboa,
    title    = {Estratégias de Planeamento para Tráfego Estático e
Dinâmico em Redes de Transporte Óticas},
    school   = {Instituto Superior Técninco de Lisboa},
    author   = {A. M. P. {Fernandes}},
    year     = {2017} %other attributes omitted
}
@masterthesis{Vasco,
    title    = {Dimensionamento e Optimização da Arquitetura
dos Nós em Redes de Trasporte Óticas},
    school   = {Universidade de Aveiro},
    author   = {V. R. B. S. {Braz}},
    year     = {2016} %other attributes omitted
}
@online{redeRealista,
  TITLE = {The Very-High Performance Backbone Network Service (vBNS)},
  URL = {http://www.av.it.pt/anp/on/refnet2.html},
  URLDATE = {2019-06-12}
}
@ARTICLE{568211, 
author={J. {Jamison} and R. {Wilder}}, 
journal={IEEE Communications Magazine}, 
title={vBNS: the Internet fast lane for research and education}, 
year={1997}, 
volume={35}, 
number={1}, 
pages={60-63}, 
doi={10.1109/35.568211}, 
ISSN={0163-6804}, 
month={Jan},}

@online{ciscoForecast,
  TITLE = {Cisco Visual Networking Index: Forecast and Trends, 2017–2022 White Paper},
  URL = {https://www.cisco.com/c/en/us/solutions/collateral/service-provider/visual-networking-index-vni/white-paper-c11-741490.html},
  URLDATE = {2019-07-04}
}